@article{SDM,
author = {Pandurangan, Arun Prasad and Ochoa-Monta√±o, Bernardo and Ascher, David B. and Blundell, Tom L.},
title = {SDM: a server for predicting effects of mutations on protein stability},
journal = {Nucleic Acids Research},
volume = {45},
number = {W1},
pages = {W229-W235},
year = {2017},
doi = {10.1093/nar/gkx439},
URL = {http://dx.doi.org/10.1093/nar/gkx439},
eprint = {/oup/backfile/content_public/journal/nar/45/w1/10.1093_nar_gkx439/5/gkx439.pdf}
}
@article{BLAST,
title = "Basic local alignment search tool",
journal = "Journal of Molecular Biology",
volume = "215",
number = "3",
pages = "403 - 410",
year = "1990",
issn = "0022-2836",
doi = "https://doi.org/10.1016/S0022-2836(05)80360-2",
url = "http://www.sciencedirect.com/science/article/pii/S0022283605803602",
author = "Stephen F. Altschul and Warren Gish and Webb Miller and Eugene W. Myers and David J. Lipman"
}